<?xml version="1.0" encoding="UTF-8"?><collection xmlns="http://www.loc.gov/MARC21/slim"><record><leader>00364nam--2200133-i-4500</leader><controlfield tag="001">000047966</controlfield><controlfield tag="002">20161230</controlfield><controlfield tag="005">20161230201046</controlfield><controlfield tag="008">060222s1000------------r-----000-0-eng-d</controlfield><datafield ind1=" " ind2=" " tag="080"><subfield code="a">551.594</subfield></datafield><datafield ind1=" " ind2=" " tag="100"><subfield code="a">Keller, John E.And Gherzi, Ernest Fr</subfield></datafield><datafield ind1=" " ind2=" " tag="245"><subfield code="a">The electricity of the air as a weather factor</subfield></datafield><datafield ind1=" " ind2=" " tag="260"><subfield code="a">New Orleans, Loyola Univ., 1959, 26p</subfield></datafield><datafield ind1=" " ind2=" " tag="852"><subfield code="a">47722</subfield></datafield></record></collection>